@article{sample,
  title={Some title},
  author={Some, Author},
  journal={Journal title},
  volume={123},
  number={123},
  pages={1--2},
  year={1234},
  publisher={Some Publisher}
}

@article{holoclean, 
  author = {Rekatsinas, Theodoros and Chu, Xu and Ilyas, Ihab F. and R\'{e}, Christopher}, 
  title = {HoloClean: Holistic Data Repairs with Probabilistic Inference}, 
  year = {2017}, 
  issue_date = {August 2017}, 
  publisher = {VLDB Endowment}, 
  volume = {10}, number = {11}, 
  issn = {2150-8097}, 
  url = {https://doi.org/10.14778/3137628.3137631}, 
  doi = {10.14778/3137628.3137631}, 
  journal = {Proc. VLDB Endow.}, 
  month = {aug}, 
  pages = {1190–1201}, 
  numpages = {12} 
}

@inproceedings{holodetect,
  author = {Heidari, Alireza and McGrath, Joshua and Ilyas, Ihab F. and Rekatsinas, Theodoros},
  title = {HoloDetect: Few-Shot Learning for Error Detection},
  year = {2019},
  isbn = {9781450356435},
  publisher = {Association for Computing Machinery},
  address = {New York, NY, USA},
  url = {https://doi.org/10.1145/3299869.3319888},
  doi = {10.1145/3299869.3319888},
  booktitle = {Proceedings of the 2019 International Conference on Management of Data},
  pages = {829–846},
  numpages = {18},
  keywords = {data augmentation, error detection, weak supervision, machine learning, few-shot learning},
  location = {Amsterdam, Netherlands},
  series = {SIGMOD '19}
}

@Inproceedings{jenga,
 author = {Sebastian Schelter and Tammo Rukat and Felix Biessmann},
 title = {JENGA: A framework to study the impact of data errors on the predictions of machine learning models},
 year = {2021},
 url = {https://www.amazon.science/publications/jenga-a-framework-to-study-the-impact-of-data-errors-on-the-predictions-of-machine-learning-models},
 booktitle = {EDBT 2021 Industrial and Application Track},
}

@inproceedings{gouda,
  author = {Restat, Valerie and Boerner, Gerrit and Conrad, Andr\'{e} and St\"{o}rl, Uta},
  title = {GouDa - Generation of Universal Data Sets: Improving Analysis and Evaluation of Data Preparation Pipelines},
  year = {2022},
  isbn = {9781450393751},
  publisher = {Association for Computing Machinery},
  address = {New York, NY, USA},
  url = {https://doi.org/10.1145/3533028.3533311},
  doi = {10.1145/3533028.3533311},
  booktitle = {Proceedings of the Sixth Workshop on Data Management for End-To-End Machine Learning},
  articleno = {2},
  numpages = {6},
  keywords = {data sets, evaluation, error generation, data preparation pipelines},
  location = {Philadelphia, Pennsylvania},
  series = {DEEM '22}
}

@article{bart,
  author = {Arocena, Patricia C. and Glavic, Boris and Mecca, Giansalvatore and Miller, Ren\'{e}e J. and Papotti, Paolo and Santoro, Donatello},
  title = {Messing up with BART: Error Generation for Evaluating Data-Cleaning Algorithms},
  year = {2015},
  issue_date = {October 2015},
  publisher = {VLDB Endowment},
  volume = {9},
  number = {2},
  issn = {2150-8097},
  url = {https://doi.org/10.14778/2850578.2850579},
  doi = {10.14778/2850578.2850579},
  journal = {Proc. VLDB Endow.},
  month = {oct},
  pages = {36–47},
  numpages = {12}
}

@inproceedings{raha,
  author = {Mahdavi, Mohammad and Abedjan, Ziawasch and Castro Fernandez, Raul and Madden, Samuel and Ouzzani, Mourad and Stonebraker, Michael and Tang, Nan},
  title = {Raha: A Configuration-Free Error Detection System},
  year = {2019},
  isbn = {9781450356435},
  publisher = {Association for Computing Machinery},
  address = {New York, NY, USA},
  url = {https://doi.org/10.1145/3299869.3324956},
  doi = {10.1145/3299869.3324956},
  booktitle = {Proceedings of the 2019 International Conference on Management of Data},
  pages = {865–882},
  numpages = {18},
  keywords = {clustering, error detection, label propagation, data cleaning, semi-supervised learning, historical data, classification, machine learning},
  location = {Amsterdam, Netherlands},
  series = {SIGMOD '19}
}

@article{baran,
  author = {Mahdavi, Mohammad and Abedjan, Ziawasch},
  title = {Baran: Effective Error Correction via a Unified Context Representation and Transfer Learning},
  year = {2020},
  issue_date = {August 2020},
  publisher = {VLDB Endowment},
  volume = {13},
  number = {12},
  issn = {2150-8097},
  url = {https://doi.org/10.14778/3407790.3407801},
  doi = {10.14778/3407790.3407801},
  journal = {Proc. VLDB Endow.},
  month = {jul},
  pages = {1948–1961},
  numpages = {14}
}

@inproceedings{cleanml,
  author    = {Peng Li and
               Xi Rao and
               Jennifer Blase and
               Yue Zhang and
               Xu Chu and
               Ce Zhang},
  title     = {CleanML: {A} Study for Evaluating the Impact of Data Cleaning on {ML}
               Classification Tasks},
  booktitle = {37th {IEEE} International Conference on Data Engineering, {ICDE} 2021,
               Chania, Greece, April 19-22, 2021},
  pages     = {13--24},
  publisher = {{IEEE}},
  year      = {2021},
  url       = {https://doi.org/10.1109/ICDE51399.2021.00009},
  doi       = {10.1109/ICDE51399.2021.00009},
  timestamp = {Fri, 25 Jun 2021 11:31:22 +0200},
  biburl    = {https://dblp.org/rec/conf/icde/LiRBZCZ21.bib},
  bibsource = {dblp computer science bibliography, https://dblp.org}
}

@inproceedings{sortinghat,
  author = {Shah, Vraj and Lacanlale, Jonathan and Kumar, Premanand and Yang, Kevin and Kumar, Arun},
  title = {Towards Benchmarking Feature Type Inference for AutoML Platforms},
  year = {2021},
  isbn = {9781450383431},
  publisher = {Association for Computing Machinery},
  address = {New York, NY, USA},
  url = {https://doi.org/10.1145/3448016.3457274},
  doi = {10.1145/3448016.3457274},
  booktitle = {Proceedings of the 2021 International Conference on Management of Data},
  pages = {1584–1596},
  numpages = {13},
  keywords = {benchmark data, ML feature type inference, data preparation, labeled data, autoML},
  location = {Virtual Event, China},
  series = {SIGMOD '21}
}

@article{alphaclean,
  author    = {Sanjay Krishnan and
               Eugene Wu},
  title     = {AlphaClean: Automatic Generation of Data Cleaning Pipelines},
  journal   = {CoRR},
  volume    = {abs/1904.11827},
  year      = {2019},
  url       = {http://arxiv.org/abs/1904.11827},
  eprinttype = {arXiv},
  eprint    = {1904.11827},
  timestamp = {Thu, 02 May 2019 15:13:44 +0200},
  biburl    = {https://dblp.org/rec/journals/corr/abs-1904-11827.bib},
  bibsource = {dblp computer science bibliography, https://dblp.org}
}

@article{boostclean,
  author    = {Sanjay Krishnan and
               Michael J. Franklin and
               Ken Goldberg and
               Eugene Wu},
  title     = {BoostClean: Automated Error Detection and Repair for Machine Learning},
  journal   = {CoRR},
  volume    = {abs/1711.01299},
  year      = {2017},
  url       = {http://arxiv.org/abs/1711.01299},
  eprinttype = {arXiv},
  eprint    = {1711.01299},
  timestamp = {Mon, 13 Aug 2018 16:46:36 +0200},
  biburl    = {https://dblp.org/rec/journals/corr/abs-1711-01299.bib},
  bibsource = {dblp computer science bibliography, https://dblp.org}
}

@INPROCEEDINGS{evobench,
  author={Möller, Mark Lukas and Klettke, Meike and Störl, Uta},
  booktitle={2020 IEEE International Conference on Big Data (Big Data)}, 
  title={EvoBench – A Framework for Benchmarking Schema Evolution in NoSQL}, 
  year={2020},
  volume={},
  number={},
  pages={1974-1984},
  doi={10.1109/BigData50022.2020.9378278}
}

@misc{80cleansurvey,
  author       = {Cleaning Big Data},
  title        = {Most Time-Consuming, Least Enjoyable Data Science Task},
  year         = 2016,
  url          = {https://www.forbes.com/sites/gilpress/2016/03/23/data-preparation-most-time-consuming-least-enjoyable-data-science-task-survey-says/?sh=690a63a46f63},
}

@INPROCEEDINGS{denialconst,
  author={Lopatenko, Andrei and Bravo, Loreto},
  booktitle={2007 IEEE 23rd International Conference on Data Engineering}, 
  title={Efficient Approximation Algorithms for Repairing Inconsistent Databases}, 
  year={2007},
  volume={},
  number={},
  pages={216-225},
  doi={10.1109/ICDE.2007.367867}
}

@inproceedings{fixingrules,
author = {Wang, Jiannan and Tang, Nan},
title = {Towards Dependable Data Repairing with Fixing Rules},
year = {2014},
isbn = {9781450323765},
publisher = {Association for Computing Machinery},
address = {New York, NY, USA},
url = {https://doi.org/10.1145/2588555.2610494},
doi = {10.1145/2588555.2610494},
booktitle = {Proceedings of the 2014 ACM SIGMOD International Conference on Management of Data},
pages = {457–468},
numpages = {12},
keywords = {dependable, data cleaning rules, data repairing},
location = {Snowbird, Utah, USA},
series = {SIGMOD '14}
}

@misc{minimality,
  doi = {10.48550/ARXIV.CS/0212004},
  url = {https://arxiv.org/abs/cs/0212004},
  author = {Chomicki, Jan and Marcinkowski, Jerzy},
  keywords = {Databases (cs.DB), FOS: Computer and information sciences, FOS: Computer and information sciences, H.2.3; F.4.1; I.2.3},
  title = {Minimal-Change Integrity Maintenance Using Tuple Deletions},
  publisher = {arXiv},
  year = {2002},
  copyright = {Assumed arXiv.org perpetual, non-exclusive license to distribute this article for submissions made before January 2004}
}

@article{activeclean,
author = {Krishnan, Sanjay and Wang, Jiannan and Wu, Eugene and Franklin, Michael J. and Goldberg, Ken},
title = {ActiveClean: Interactive Data Cleaning for Statistical Modeling},
year = {2016},
issue_date = {August 2016},
publisher = {VLDB Endowment},
volume = {9},
number = {12},
issn = {2150-8097},
url = {https://doi.org/10.14778/2994509.2994514},
doi = {10.14778/2994509.2994514},
journal = {Proc. VLDB Endow.},
month = {aug},
pages = {948–959},
numpages = {12}
}

@article{errors,
author = {Abedjan, Ziawasch and Chu, Xu and Deng, Dong and Fernandez, Raul Castro and Ilyas, Ihab F. and Ouzzani, Mourad and Papotti, Paolo and Stonebraker, Michael and Tang, Nan},
title = {Detecting Data Errors: Where Are We and What Needs to Be Done?},
year = {2016},
issue_date = {August 2016},
publisher = {VLDB Endowment},
volume = {9},
number = {12},
issn = {2150-8097},
url = {https://doi.org/10.14778/2994509.2994518},
doi = {10.14778/2994509.2994518},
journal = {Proc. VLDB Endow.},
month = {aug},
pages = {993–1004},
numpages = {12}
}

@inproceedings{prepzoo,
author = {Shah, Vraj and Kumar, Arun},
title = {The ML Data Prep Zoo: Towards Semi-Automatic Data Preparation for ML},
year = {2019},
isbn = {9781450367974},
publisher = {Association for Computing Machinery},
address = {New York, NY, USA},
url = {https://doi.org/10.1145/3329486.3329499},
doi = {10.1145/3329486.3329499},
booktitle = {Proceedings of the 3rd International Workshop on Data Management for End-to-End Machine Learning},
articleno = {11},
numpages = {4},
location = {Amsterdam, Netherlands},
series = {DEEM'19}
}

@article{autoweka,
  author  = {Lars Kotthoff and Chris Thornton and Holger H. Hoos and Frank Hutter and Kevin Leyton-Brown},
  title   = {Auto-WEKA 2.0: Automatic model selection and hyperparameter optimization in WEKA},
  journal = {Journal of Machine Learning Research},
  year    = {2017},
  volume  = {18},
  number  = {25},
  pages   = {1--5},
  url     = {http://jmlr.org/papers/v18/16-261.html}
}

@inproceedings{autosklearn,
    title     = {Efficient and Robust Automated Machine Learning},
    author    = {Feurer, Matthias and Klein, Aaron and Eggensperger, Katharina  Springenberg, Jost and Blum, Manuel and Hutter, Frank},
    booktitle = {Advances in Neural Information Processing Systems 28 (2015)},
    pages     = {2962--2970},
    year      = {2015}
}

@misc{openml_suites,
  doi = {10.48550/ARXIV.1708.03731},
  
  url = {https://arxiv.org/abs/1708.03731},
  
  author = {Bischl, Bernd and Casalicchio, Giuseppe and Feurer, Matthias and Gijsbers, Pieter and Hutter, Frank and Lang, Michel and Mantovani, Rafael G. and van Rijn, Jan N. and Vanschoren, Joaquin},
  
  keywords = {Machine Learning (stat.ML), Machine Learning (cs.LG), FOS: Computer and information sciences, FOS: Computer and information sciences},
  
  title = {OpenML Benchmarking Suites},
  
  publisher = {arXiv},
  
  year = {2017},
  
  copyright = {arXiv.org perpetual, non-exclusive license}
}

@inproceedings{datacivil,
  author = {Castro Fernandez, Raul and Deng, Dong and Mansour, Essam and Qahtan, Abdulhakim A. and Tao, Wenbo and Abedjan, Ziawasch and Elmagarmid, Ahmed and Ilyas, Ihab F. and Madden, Samuel and Ouzzani, Mourad and Stonebraker, Michael and Tang, Nan},
  title = {A Demo of the Data Civilizer System},
  year = {2017},
  isbn = {9781450341974},
  publisher = {Association for Computing Machinery},
  address = {New York, NY, USA},
  url = {https://doi.org/10.1145/3035918.3058740},
  doi = {10.1145/3035918.3058740},
  booktitle = {Proceedings of the 2017 ACM International Conference on Management of Data},
  pages = {1639–1642},
  numpages = {4},
  keywords = {join path discovery, polystore queries, data integration, data cleaning, data stitching, data discovery},
  location = {Chicago, Illinois, USA},
  series = {SIGMOD '17}
}

@misc{ecgkaggle,
  author       = {Kaggle},
  title        = {ECG Heartbeat Categorization Dataset},
  year         = {2018},
  url          = {https://www.kaggle.com/datasets/shayanfazeli/heartbeat?select=mitbih_test.csv},
}

@article {dataintegration80,
	title = {Data Integration: The Current Status and the Way Forward},
	journal = {IEEE Data Engineering Bulletin},
	volume = {41},
	year = {2018},
	pages = {3--9},
	url = {http://sites.computer.org/debull/A18june/p3.pdf},
	author = {Michael Stonebraker and Ihab Ilyas}
}

@inproceedings{MLdebts,
  author = {Sculley, D. and Holt, Gary and Golovin, Daniel and Davydov, Eugene and Phillips, Todd and Ebner, Dietmar and Chaudhary, Vinay and Young, Michael and Crespo, Jean-Francois and Dennison, Dan},
  title = {Hidden Technical Debt in Machine Learning Systems},
  year = {2015},
  publisher = {MIT Press},
  address = {Cambridge, MA, USA},
  booktitle = {Proceedings of the 28th International Conference on Neural Information Processing Systems - Volume 2},
  pages = {2503–2511},
  numpages = {9},
  location = {Montreal, Canada},
  series = {NIPS'15}
}

@inproceedings{processingsys,
 author = {Alistarh, Dan and Grubic, Demjan and Li, Jerry and Tomioka, Ryota and Vojnovic, Milan},
 booktitle = {Advances in Neural Information Processing Systems},
 editor = {I. Guyon and U. Von Luxburg and S. Bengio and H. Wallach and R. Fergus and S. Vishwanathan and R. Garnett},
 pages = {},
 publisher = {Curran Associates, Inc.},
 title = {QSGD: Communication-Efficient SGD via Gradient Quantization and Encoding},
 url = {https://proceedings.neurips.cc/paper/2017/file/6c340f25839e6acdc73414517203f5f0-Paper.pdf},
 volume = {30},
 year = {2017}
}

@misc{outperformstudy,
  doi = {10.48550/ARXIV.1705.09056},
  
  url = {https://arxiv.org/abs/1705.09056},
  
  author = {Lian, Xiangru and Zhang, Ce and Zhang, Huan and Hsieh, Cho-Jui and Zhang, Wei and Liu, Ji},
  
  keywords = {Optimization and Control (math.OC), Distributed, Parallel, and Cluster Computing (cs.DC), Machine Learning (cs.LG), Machine Learning (stat.ML), FOS: Mathematics, FOS: Mathematics, FOS: Computer and information sciences, FOS: Computer and information sciences},
  
  title = {Can Decentralized Algorithms Outperform Centralized Algorithms? A Case Study for Decentralized Parallel Stochastic Gradient Descent},
  
  publisher = {arXiv},
  
  year = {2017},
  
  copyright = {arXiv.org perpetual, non-exclusive license}
}

@ARTICLE{classificationnoisesurvey,     
  author={Frenay, Benoit and Verleysen, Michel},
  journal={IEEE Transactions on Neural Networks and Learning Systems},   
  title={Classification in the Presence of Label Noise: A Survey},   
  year={2014},  
  volume={25},  
  number={5},  
  pages={845-869},  doi={10.1109/TNNLS.2013.2292894}
}

@MISC{Hellerstein08quantitativedata,
 author = {Joseph M. Hellerstein},
 title = {Quantitative Data Cleaning for Large Databases},
 year = {2008}
}

@ARTICLE{duplicatesstudy,
 author={Elmagarmid, Ahmed K. and Ipeirotis, Panagiotis G. and Verykios, Vassilios S.},
 journal={IEEE Transactions on Knowledge and Data Engineering}, 
 title={Duplicate Record Detection: A Survey}, 
 year={2007},
 volume={19},
 number={1},
 pages={1-16},
 doi={10.1109/TKDE.2007.250581}
}

@inproceedings{tdeexcel,
 author = {He, Yeye and Ganjam, Kris and Lee, Kukjin and Wang, Yue and Narasayya, Vivek and Chaudhuri, Surajit and Chu, Xu and Zheng, Yudian},
 title = {Transform-Data-by-Example (TDE): Extensible Data Transformation in Excel},
 year = {2018},
 isbn = {9781450347037},
 publisher = {Association for Computing Machinery},
 address = {New York, NY, USA},
 url = {https://doi.org/10.1145/3183713.3193539},
 doi = {10.1145/3183713.3193539},
 booktitle = {Proceedings of the 2018 International Conference on Management of Data},
 pages = {1785–1788},
 numpages = {4},
 keywords = {data preparation, etl, data integration, data cleaning},
 location = {Houston, TX, USA},
 series = {SIGMOD '18}
}


@article{outlier_survey,
	author = {Hodge, Victoria J. and Austin, Jim},
	da = {2004/10/01},
	date-added = {2022-07-13 18:19:59 +0200},
	date-modified = {2022-07-13 18:19:59 +0200},
	doi = {10.1007/s10462-004-4304-y},
	id = {Hodge2004},
	isbn = {1573-7462},
	journal = {Artificial Intelligence Review},
	number = {2},
	pages = {85--126},
	title = {A Survey of Outlier Detection Methodologies},
	ty = {JOUR},
	url = {https://doi.org/10.1007/s10462-004-4304-y},
	volume = {22},
	year = {2004},
	Bdsk-Url-1 = {https://doi.org/10.1007/s10462-004-4304-y}
}



@inproceedings{RestatGCS2022,
  author   = {Restat, Valerie and
              Boerner, Gerrit and
              Conrad, Andr\'{e} and
              St\"{o}rl, Uta},
  title    = {GouDa - Generation of Universal Data Sets: Improving Analysis and Evaluation of Data Preparation Pipelines},
  year     = {2022},
  isbn     = {9781450393751},
  doi      = {10.1145/3533028.3533311},
  numpages = {6},
  journal  = {{DEEM}}
}

@inproceedings{MahdaviAFMQST2019,
  title        = {Raha: A configuration-free error detection system},
  author       = {Mahdavi, Mohammad and 
                  Abedjan, Ziawasch and 
                  Castro Fernandez, Raul and 
                  Madden, Samuel and 
                  Ouzzani, Mourad and 
                  Stonebraker, Michael and 
                  Tang, Nan},
  pages        = {865--882},
  journal      = {{SIGMOD}},
  year         = {2019},
  organization = {ACM}
}

@article{MahdaviA2020,
  title   = {Baran: Effective error correction via a unified context representation and transfer learning},
  author  = {Mahdavi, Mohammad and
             Abedjan, Ziawasch},
  journal = {{PVLDB}},
  volume  = {13},
  number  = {11},
  pages   = {1948--1961},
  year    = {2020}
}

@inproceedings{ChuIP2013,
  author  = {Chu, Xu and
             Ilyas, Ihab F. and
             Papotti, Paolo},
  title   = {Holistic data cleaning: Putting violations into context},
  journal = {{ICDE}},
  year    = {2013},
  pages   = {458-469},
  doi     = {10.1109/ICDE.2013.6544847}
}

@inproceedings{DallachiesaEEEIOT2013,
  author   = {Dallachiesa, Michele and
              Ebaid, Amr and
              Eldawy, Ahmed and
              Elmagarmid, Ahmed and
              Ilyas, Ihab F. and
              Ouzzani, Mourad and
              Tang, Nan},
  title    = {NADEEF: A Commodity Data Cleaning System},
  year     = {2013},
  doi      = {10.1145/2463676.2465327},
  journal  = {{SIGMOD}},
  pages    = {541–552},
  numpages = {12}
}

@inproceedings{HeidariMIR2019,
  author   = {Heidari, Alireza and
              McGrath, Joshua and
              Ilyas, Ihab F. and
              Rekatsinas, Theodoros},
  title    = {HoloDetect: Few-Shot Learning for Error Detection},
  year     = {2019},
  doi      = {10.1145/3299869.3319888},
  journal  = {{SIGMOD}},
  pages    = {829–846},
  numpages = {18}
}

@article{RekatsinasCIR2017,
  author   = {Rekatsinas, Theodoros and
              Chu, Xu and
              Ilyas, Ihab F. and
              R\'{e}, Christopher},
  title    = {HoloClean: Holistic Data Repairs with Probabilistic Inference},
  year     = {2017},
  doi      = {10.14778/3137628.3137631},
  journal  = {VLDB},
  pages    = {1190–1201},
  numpages = {12}
}

@misc{Hould2017WEB,
  title        = {Scraping for Craft Beers},
  howpublished = {http://www.jeannicholashould.com/python-web-scraping-tutorial-for-craft-beers.html},
  note         = {Accessed: 2022-07-26},
  author       = {Hould, Jean-Nicholas}
}

@misc{Hould2017KAGGLE,
  title        = {Craft Beers Dataset},
  howpublished = {https://www.kaggle.com/datasets/nickhould/craft-cans},
  note         = {Accessed: 2022-07-26},
  author       = {Hould, Jean-Nicholas}
}

@inproceedings{QuzzaniHFE2016,
  author  = {Ouzzani, Mourad and
             Hammady, Hossam and
             Fedorowicz, Zbys and
             Elmagarmid, Ahmed},
  title   = {Rayyan-a web and mobile app for systematic reviews},
  year    = {2016},
  journal = {{Systematic Reviews}},
  doi     = {10.1186/s13643-016-0384-4}
}

@article{AbedjanCDFIOPS2016,
  author   = {Abedjan, Ziawasch and
              Chu, Xu and
              Deng, Dong and
              Fernandez, Raul Castro and
              Ilyas, Ihab F. and
              Ouzzani, Mourad and
              Papotti, Paolo and
              Stonebraker, Michael and Tang, Nan},
  title    = {Detecting Data Errors: Where Are We and What Needs to Be Done?},
  year     = {2016},
  doi      = {10.14778/2994509.2994518},
  journal  = {VLDB},
  pages    = {993–1004},
  numpages = {12}
}

@misc{DasDGGKGP2016,
  title        = {The Magellan Data Repository},
  howpublished = {\url{https://sites.google.com/site/anhaidgroup/useful-stuff/the-magellan-data-repository}},
  author       = {Das, Sanjib and
                  Doan, AnHai and 
                  G. C., Paul Suganthan and
                  Gokhale, Chaitanya and
                  Konda, Pradap and
                  Govind, Yash and
                  Paulsen, Derek},
  institution  = {University of Wisconsin-Madison},
  year         = 2016
}

@article{KondaDSDABLPZNPKDR2016,
  author   = {Konda, Pradap and 
              Das, Sanjib and 
              Suganthan G. C., Paul and
              Doan, AnHai and 
              Ardalan, Adel and 
              Ballard, Jeffrey R. and
              Li, Han and
              Panahi, Fatemah and
              Zhang, Haojun and
              Naughton, Jeff and
              Prasad, Shishir and
              Krishnan, Ganesh and
              Deep, Rohit and
              Raghavendra, Vijay},
  title    = {Magellan: Toward Building Entity Matching Management Systems},
  year     = {2016},
  doi      = {10.14778/2994509.2994535},
  journal  = {{VLDB}},
  pages    = {1197–1208},
  numpages = {12}
}

@article{ArocenaGMMPS2015,
  author   = {Arocena, Patricia C. and
              Glavic, Boris and
              Mecca, Giansalvatore and 
              Miller, Ren\'{e}e J. and
              Papotti, Paolo and
              Santoro, Donatello},
  title    = {Messing up with BART: Error Generation for Evaluating Data-Cleaning Algorithms},
  year     = {2015},
  doi      = {10.14778/2850578.2850579},
  journal  = {PVLDB},
  pages    = {36–47},
  numpages = {12}
}

